<record><leader>00000cas a2200000 a 4500</leader><controlfield tag="001">28941019</controlfield><controlfield tag="008">931005d19011920tnuwr ne      0   a0eng d</controlfield><datafield ind1=" " ind2=" " tag="010"><subfield code="a">sn 97065199 </subfield></datafield><datafield ind1=" " ind2=" " tag="040"><subfield code="a">TKN</subfield><subfield code="b">eng</subfield><subfield code="c">TKN</subfield><subfield code="d">TGN</subfield><subfield code="d">OCL</subfield><subfield code="d">TGN</subfield><subfield code="d">OCLCQ</subfield><subfield code="d">OCLCF</subfield><subfield code="d">OCLCO</subfield><subfield code="d">DLC</subfield></datafield><datafield ind1=" " ind2=" " tag="042"><subfield code="a">msc</subfield></datafield><datafield ind1=" " ind2=" " tag="043"><subfield code="a">n-us-tn</subfield></datafield><datafield ind1=" " ind2=" " tag="090"><subfield code="a">AN48.G74</subfield><subfield code="b">G73</subfield></datafield><datafield ind1="0" ind2=" " tag="130"><subfield code="a">Greeneville sun (Greeneville, Tenn. : 1901 : Weekly)</subfield></datafield><datafield ind1="1" ind2="4" tag="245"><subfield code="a">The Greeneville sun.</subfield></datafield><datafield ind1="1" ind2=" " tag="246"><subfield code="i">Colophon title:</subfield><subfield code="a">Sun</subfield></datafield><datafield ind1=" " ind2=" " tag="260"><subfield code="a">Greeneville, Tenn. :</subfield><subfield code="b">W.R. Lyon and J.W. Howard</subfield></datafield><datafield ind1=" " ind2=" " tag="300"><subfield code="a">v. ;</subfield><subfield code="c">60 cm.</subfield></datafield><datafield ind1=" " ind2=" " tag="310"><subfield code="a">Weekly</subfield></datafield><datafield ind1="1" ind2=" " tag="362"><subfield code="a">Began in 1901 ; ceased in 1920.</subfield></datafield><datafield ind1=" " ind2=" " tag="580"><subfield code="a">Merged with: Greeneville democrat (Greeneville, Tenn. : 1890), to form: Greeneville democrat-sun (Greeneville, Tenn. : Weekly).</subfield></datafield><datafield ind1=" " ind2=" " tag="588"><subfield code="a">Description based on: Vol. 1, no. 29 (July 18, 1901).</subfield></datafield><datafield ind1=" " ind2="0" tag="651"><subfield code="a">Greeneville (Tenn.)</subfield><subfield code="v">Newspapers.</subfield></datafield><datafield ind1=" " ind2="0" tag="651"><subfield code="a">Greene County (Tenn.)</subfield><subfield code="v">Newspapers.</subfield></datafield><datafield ind1=" " ind2="7" tag="651"><subfield code="a">Tennessee</subfield><subfield code="z">Greene County.</subfield><subfield code="2">fast</subfield><subfield code="0">(OCoLC)fst01220180</subfield></datafield><datafield ind1=" " ind2="7" tag="651"><subfield code="a">Tennessee</subfield><subfield code="z">Greeneville.</subfield><subfield code="2">fast</subfield><subfield code="0">(OCoLC)fst01224711</subfield></datafield><datafield ind1=" " ind2="7" tag="655"><subfield code="a">Newspapers.</subfield><subfield code="2">fast</subfield><subfield code="0">(OCoLC)fst01423814</subfield></datafield><datafield ind1=" " ind2=" " tag="752"><subfield code="a">United States</subfield><subfield code="b">Tennessee</subfield><subfield code="c">Greene</subfield><subfield code="d">Greeneville.</subfield></datafield><datafield ind1="0" ind2=" " tag="775"><subfield code="t">Greeneville daily sun</subfield><subfield code="x">2475-0174</subfield><subfield code="w">(DLC)sn 97065122</subfield><subfield code="w">(OCoLC)37307396</subfield></datafield><datafield ind1="1" ind2="7" tag="785"><subfield code="t">Greeneville democrat (Greeneville, Tenn. : 1890)</subfield><subfield code="w">(DLC)sn 97065198</subfield></datafield><datafield ind1="1" ind2="7" tag="785"><subfield code="t">Greeneville democrat-sun (Greeneville, Tenn. : Weekly)</subfield><subfield code="w">(DLC)sn 97065133</subfield></datafield><datafield ind1="1" ind2=" " tag="029"><subfield code="a">AU@</subfield><subfield code="b">000013335528</subfield></datafield></record>